@article{ LighNeal,
	journal = {Mathematics Magazine},
	author = {Steve Ligh and Larry Neal},
	volume = {47},
	number = {4},
	year = {1974},
	month = {Sep.},
	pages = {231-233},
	title = {A Note on Mersenne Numbers}
}
@misc{ utm.edu,
	author = {Chris K. Caldwell},
	title = {Mersenne Primes: History, Theorems and Lists},
	howpublished = {\url{http://primes.utm.edu/mersenne/index.html}}
}

